@ARTICLE{2020arXiv200703128A,
       author = {{Ackley}, K. and {Adya}, V.~B. and {Agrawal}, P. and {Altin}, P. and {Ashton}, G. and {Bailes}, M. and {Baltinas}, E. and {Barbuio}, A. and {Beniwal}, D. and {Blair}, C. and {Blair}, D. and {Bolingbroke}, G.~N. and {Bossilkov}, V. and {Shachar Boublil}, S. and {Brown}, D.~D. and {Burridge}, B.~J. and {Calderon Bustillo}, J. and {Cameron}, J. and {Tuong Cao}, H. and {Carlin}, J.~B. and {Chang}, S. and {Charlton}, P. and {Chatterjee}, C. and {Chattopadhyay}, D. and {Chen}, X. and {Chi}, J. and {Chow}, J. and {Chu}, Q. and {Ciobanu}, A. and {Clarke}, T. and {Clearwater}, P. and {Cooke}, J. and {Coward}, D. and {Crisp}, H. and {Dattatri}, R.~J. and {Deller}, A.~T. and {Dobie}, D.~A. and {Dunn}, L. and {Easter}, P.~J. and {Eichholz}, J. and {Evans}, R. and {Flynn}, C. and {Foran}, G. and {Forsyth}, P. and {Gai}, Y. and {Galaudage}, S. and {Galloway}, D.~K. and {Gendre}, B. and {Goncharov}, B. and {Goode}, S. and {Gozzard}, D. and {Grace}, B. and {Graham}, A.~W. and {Heger}, A. and {Hernandez Vivanco}, F. and {Hirai}, R. and {Holland}, N.~A. and {Holmes}, Z.~J. and {Howard}, E. and {Howell}, E. and {Howitt}, G. and {H{\"u}bner}, M.~T. and {Hurley}, J. and {Ingram}, C. and {Jaberian Hamedan}, V. and {Jenner}, K. and {Ju}, L. and {Kapasi}, D.~P. and {Kaur}, T. and {Kijbunchoo}, N. and {Kovalam}, M. and {Kumar Choudhary}, R. and {Lasky}, P.~D. and {Lau}, M.~Y.~M. and {Leung}, J. and {Liu}, J. and {Loh}, K. and {Mailvagan}, A. and {Mandel}, I. and {McCann}, J.~J. and {McClelland}, D.~E. and {McKenzie}, K. and {McManus}, D. and {McRae}, T. and {Melatos}, A. and {Meyers}, P. and {Middleton}, H. and {Miles}, M.~T. and {Millhouse}, M. and {Lun Mong}, Y. and {Mueller}, B. and {Munch}, J. and {Musiov}, J. and {Muusse}, S. and {Nathan}, R.~S. and {Naveh}, Y. and {Neijssel}, C. and {Neil}, B. and {Ng}, S.~W.~S. and {Oloworaran}, V. and {Ottaway}, D.~J. and {Page}, M. and {Pan}, J. and {Pathak}, M. and {Payne}, E. and {Powell}, J. and {Pritchard}, J. and {Puckridge}, E. and {Raidani}, A. and {Rallabhandi}, V. and {Reardon}, D. and {Riley}, J.~A. and {Roberts}, L. and {Romero-Shaw}, I.~M. and {Roocke}, T.~J. and {Rowell}, G. and {Sahu}, N. and {Sarin}, N. and {Sarre}, L. and {Sattari}, H. and {Schiworski}, M. and {Scott}, S.~M. and {Sengar}, R. and {Shaddock}, D. and {Shannon}, R. and {SHI}, J. and {Sibley}, P. and {Slagmolen}, B.~J.~J. and {Slaven-Blair}, T. and {Smith}, R.~J.~E. and {Spollard}, J. and {Steed}, L. and {Strang}, L. and {Sun}, H. and {Sunderland}, A. and {Suvorova}, S. and {Talbot}, C. and {Thrane}, E. and {T{\"o}yr{\"a}}, D. and {Trahanas}, P. and {Vajpeyi}, A. and {van Heijningen}, J.~V. and {Vargas}, A.~F. and {Veitch}, P.~J. and {Vigna-Gomez}, A. and {Wade}, A. and {Walker}, K. and {Wang}, Z. and {Ward}, R.~L. and {Ward}, K. and {Webb}, S. and {Wen}, L. and {Wette}, K. and {Wilcox}, R. and {Winterflood}, J. and {Wolf}, C. and {Wu}, B. and {Jet Yap}, M. and {You}, Z. and {Yu}, H. and {Zhang}, J. and {Zhang}, J. and {Zhao}, C. and {Zhu}, X.},
        title = "{Neutron Star Extreme Matter Observatory: A kilohertz-band gravitational-wave detector in the global network}",
      journal = {\pasa},
     keywords = {equation of state, gravitational waves stars: neutron, instrumentation: detectors, instrumentation: interferometers, Astrophysics - High Energy Astrophysical Phenomena, Astrophysics - Instrumentation and Methods for Astrophysics, General Relativity and Quantum Cosmology},
         year = 2020,
        month = nov,
       volume = {37},
          eid = {e047},
        pages = {e047},
          doi = {10.1017/pasa.2020.39},
archivePrefix = {arXiv},
       eprint = {2007.03128},
 primaryClass = {astro-ph.HE},
       adsurl = {https://ui.adsabs.harvard.edu/abs/2020PASA...37...47A},
      adsnote = {Provided by the SAO/NASA Astrophysics Data System}
}

@ARTICLE{2020arXiv200602382M,
       author = {{Makhathini}, Sphesihle and {Mooley}, Kunal P. and {Brightman}, Murray and
         {Hotokezaka}, Kenta and {Nayana}, AJ and {Intema}, Huib T. and
         {Dobie}, Dougal and {Lenc}, E. and {Perley}, Daniel A. and
         {Fremling}, Christoffer and {Moldon}, Javier and {Lazzati}, Davide and
         {Kaplan}, David L. and {Balasubramanian}, Arvind and {Brown}, Ian and
         {Carbone}, Dario and {Chandra}, Poonam and {Corsi}, Alessandra and
         {Camilo}, Fernando and {Deller}, Adam T. and {Frail}, Dale A. and
         {Murphy}, Tara and {Murphy}, Eric J. and {Nakar}, Ehud and
         {Smirnov}, Oleg and {Beswick}, Robert and {Fender}, Rob and
         {Hallinan}, Gregg and {Heywood}, Ian and {Kasliwal}, Mansi M. and
         {Lee}, Bomee and {Lu}, Wenbin and {Rana}, Javed and {Perkins}, S.~J. and
         {White}, Sarah V. and {Jozsa}, Gyula I. and {Hugo}, Benjamin and
         {Kamphuis}, Peter},
        title = "{The Panchromatic Afterglow of GW170817: The full uniform dataset, modeling, comparison with previous results and implications}",
      journal = {arXiv e-prints},
     keywords = {Astrophysics - High Energy Astrophysical Phenomena, Astrophysics - Astrophysics of Galaxies, Astrophysics - Solar and Stellar Astrophysics},
         year = 2020,
        month = jun,
          eid = {arXiv:2006.02382},
        pages = {arXiv:2006.02382},
archivePrefix = {arXiv},
       eprint = {2006.02382},
 primaryClass = {astro-ph.HE},
       adsurl = {https://ui.adsabs.harvard.edu/abs/2020arXiv200602382M},
      adsnote = {Provided by the SAO/NASA Astrophysics Data System}
}

@ARTICLE{2020arXiv200611306K,
       author = {{Kasliwal}, Mansi M. and {Anand}, Shreya and {Ahumada}, Tom{\'a}s and {Stein}, Robert and {Carracedo}, Ana Sagu{\'e}s and {Andreoni}, Igor and {Coughlin}, Michael W. and {Singer}, Leo P. and {Kool}, Erik C. and {De}, Kishalay and {Kumar}, Harsh and {AlMualla}, Mouza and {Yao}, Yuhan and {Bulla}, Mattia and {Dobie}, Dougal and {Reusch}, Simeon and {Perley}, Daniel A. and {Cenko}, S. Bradley and {Bhalerao}, Varun and {Kaplan}, David L. and {Sollerman}, Jesper and {Goobar}, Ariel and {Copperwheat}, Christopher M. and {Bellm}, Eric C. and {Anupama}, G.~C. and {Corsi}, Alessandra and {Nissanke}, Samaya and {Agudo}, Iv{\'a}n and {Bagdasaryan}, Ashot and {Barway}, Sudhanshu and {Belicki}, Justin and {Bloom}, Joshua S. and {Bolin}, Bryce and {Buckley}, David A.~H. and {Burdge}, Kevin B. and {Burruss}, Rick and {Caballero-Garc{\'\i}a}, Maria D. and {Cannella}, Chris and {Castro-Tirado}, Alberto J. and {Cook}, David O. and {Cooke}, Jeff and {Cunningham}, Virginia and {Dahiwale}, Aishwarya and {Deshmukh}, Kunal and {Dichiara}, Simone and {Duev}, Dmitry A. and {Dutta}, Anirban and {Feeney}, Michael and {Franckowiak}, Anna and {Frederick}, Sara and {Fremling}, Christoffer and {Gal-Yam}, Avishay and {Gatkine}, Pradip and {Ghosh}, Shaon and {Goldstein}, Daniel A. and {Golkhou}, V. Zach and {Graham}, Matthew J. and {Graham}, Melissa L. and {Hankins}, Matthew J. and {Helou}, George and {Hu}, Youdong and {Ip}, Wing-Huen and {Jaodand}, Amruta and {Karambelkar}, Viraj and {Kong}, Albert K.~H. and {Kowalski}, Marek and {Khandagale}, Maitreya and {Kulkarni}, S.~R. and {Kumar}, Brajesh and {Laher}, Russ R. and {Li}, K.~L. and {Mahabal}, Ashish and {Masci}, Frank J. and {Miller}, Adam A. and {Mogotsi}, Moses and {Mohite}, Siddharth and {Mooley}, Kunal and {Mroz}, Przemek and {Newman}, Jeffrey A. and {Ngeow}, Chow-Choong and {Oates}, Samantha R. and {Patil}, Atharva Sunil and {Pandey}, Shashi B. and {Pavana}, M. and {Pian}, Elena and {Riddle}, Reed and {S{\'a}nchez-Ram{\'\i}rez}, Rub{\'e}n and {Sharma}, Yashvi and {Singh}, Avinash and {Smith}, Roger and {Soumagnac}, Maayane T. and {Taggart}, Kirsty and {Tan}, Hanjie and {Tzanidakis}, Anastasios and {Troja}, Eleonora and {Valeev}, Azamat F. and {Walters}, Richard and {Waratkar}, Gaurav and {Webb}, Sara and {Yu}, Po-Chieh and {Zhang}, Bin-Bin and {Zhou}, Rongpu and {Zolkower}, Jeffry},
        title = "{Kilonova Luminosity Function Constraints Based on Zwicky Transient Facility Searches for 13 Neutron Star Merger Triggers during O3}",
      journal = {\apj},
     keywords = {Neutron stars, Black holes, Gravitational waves, Nucleosynthesis, R-process, Compact objects, Spectroscopy, Sky surveys, Photometry, 1108, 162, 678, 1131, 1324, 288, 1558, 1464, 1234, Astrophysics - High Energy Astrophysical Phenomena, Astrophysics - Instrumentation and Methods for Astrophysics, Astrophysics - Solar and Stellar Astrophysics},
         year = 2020,
        month = dec,
       volume = {905},
       number = {2},
          eid = {145},
        pages = {145},
          doi = {10.3847/1538-4357/abc335},
archivePrefix = {arXiv},
       eprint = {2006.11306},
 primaryClass = {astro-ph.HE},
       adsurl = {https://ui.adsabs.harvard.edu/abs/2020ApJ...905..145K},
      adsnote = {Provided by the SAO/NASA Astrophysics Data System}
}



@ARTICLE{2020arXiv200613952H,
       author = {{Horesh}, Assaf and {Sfaradi}, Itai and {Ergon}, Mattias and {Barbarino}, Cristina and {Sollerman}, Jesper and {Moldon}, Javier and {Dobie}, Dougal and {Schulze}, Steve and {P{\'e}rez-Torres}, Miguel and {Williams}, David R.~A. and {Fremling}, Christoffer and {Gal-Yam}, Avishay and {Kulkarni}, Shrinivas R. and {O'Brien}, Andrew and {Lundqvist}, Peter and {Murphy}, Tara and {Fender}, Rob and {Anand}, Shreya and {Belicki}, Justin and {Bellm}, Eric C. and {Coughlin}, Michael W. and {De}, Kishalay and {Golkhou}, V. Zach and {Graham}, Matthew J. and {Green}, Dave A. and {Hankins}, Matt and {Kasliwal}, Mansi and {Kupfer}, Thomas and {Laher}, Russ R. and {Masci}, Frank J. and {Miller}, A.~A. and {Neill}, James D. and {Ofek}, Eran O. and {Perrott}, Yvette and {Porter}, Michael and {Reiley}, Daniel J. and {Rigault}, Mickael and {Rodriguez}, Hector and {Rusholme}, Ben and {Shupe}, David L. and {Titterington}, David},
        title = "{A Non-equipartition Shock Wave Traveling in a Dense Circumstellar Environment around SN 2020oi}",
      journal = {\apj},
     keywords = {Supernovae, Type Ic supernovae, Core-collapse supernovae, Radio transient sources, Radio observatories, Optical observation, X-ray transient sources, Transient sources, 1668, 1730, 304, 2008, 1350, 1169, 1852, 1851, Astrophysics - High Energy Astrophysical Phenomena},
         year = 2020,
        month = nov,
       volume = {903},
       number = {2},
          eid = {132},
        pages = {132},
          doi = {10.3847/1538-4357/abbd38},
archivePrefix = {arXiv},
       eprint = {2006.13952},
 primaryClass = {astro-ph.HE},
       adsurl = {https://ui.adsabs.harvard.edu/abs/2020ApJ...903..132H},
      adsnote = {Provided by the SAO/NASA Astrophysics Data System}
}



@ARTICLE{2020MNRAS.494.2449D,
       author = {{Dobie}, Dougal and {Kaplan}, David L. and {Hotokezaka}, Kenta and
         {Murphy}, Tara and {Deller}, Adam and {Hallinan}, Gregg and
         {Nissanke}, Samaya},
        title = "{Constraining properties of neutron star merger outflows with radio observations}",
      journal = {\mnras},
     keywords = {gravitational waves, stars: neutron, radio continuum: transients, neutron star mergers, Astrophysics - High Energy Astrophysical Phenomena},
         year = 2020,
        month = apr,
       volume = {494},
       number = {2},
        pages = {2449-2464},
          doi = {10.1093/mnras/staa789},
archivePrefix = {arXiv},
       eprint = {1910.13662},
 primaryClass = {astro-ph.HE},
       adsurl = {https://ui.adsabs.harvard.edu/abs/2020MNRAS.494.2449D},
      adsnote = {Provided by the SAO/NASA Astrophysics Data System}
}

@ARTICLE{2020ApJ...890..131A,
       author = {{Andreoni}, Igor and {Goldstein}, Daniel A. and {Kasliwal}, Mansi M. and
         {Nugent}, Peter E. and {Zhou}, Rongpu and {Newman}, Jeffrey A. and
         {Bulla}, Mattia and {Foucart}, Francois and {Hotokezaka}, Kenta and
         {Nakar}, Ehud and {Nissanke}, Samaya and {Raaijmakers}, Geert and
         {Bloom}, Joshua S. and {De}, Kishalay and {Jencson}, Jacob E. and
         {Ward}, Charlotte and {Ahumada}, Tom{\'a}s and {Anand}, Shreya and
         {Buckley}, David A.~H. and {Caballero-Garc{\'\i}a}, Maria D. and
         {Castro-Tirado}, Alberto J. and {Copperwheat}, Christopher M. and
         {Coughlin}, Michael W. and {Cenko}, S. Bradley and
         {Gromadzki}, Mariusz and {Hu}, Youdong and {Karambelkar}, Viraj R. and
         {Perley}, Daniel A. and {Sharma}, Yashvi and {Valeev}, Azamat F. and
         {Cook}, David O. and {Fremling}, U. Christoffer and {Kumar}, Harsh and
         {Taggart}, Kirsty and {Bagdasaryan}, Ashot and {Cooke}, Jeff and
         {Dahiwale}, Aishwarya and {Dhawan}, Suhail and {Dobie}, Dougal and
         {Gatkine}, Pradip and {Golkhou}, V. Zach and {Goobar}, Ariel and
         {Chaves}, Andreas Guerra and {Hankins}, Matthew and {Kaplan}, David L. and
         {Kong}, Albert K.~H. and {Kool}, Erik C. and {Mohite}, Siddharth and
         {Sollerman}, Jesper and {Tzanidakis}, Anastasios and {Webb}, Sara and
         {Zhang}, Keming},
        title = "{GROWTH on S190814bv: Deep Synoptic Limits on the Optical/Near-infrared Counterpart to a Neutron Star--Black Hole Merger}",
      journal = {\apj},
     keywords = {Astrophysics - High Energy Astrophysical Phenomena},
         year = 2020,
        month = feb,
       volume = {890},
       number = {2},
          eid = {131},
        pages = {131},
          doi = {10.3847/1538-4357/ab6a1b},
archivePrefix = {arXiv},
       eprint = {1910.13409},
 primaryClass = {astro-ph.HE},
       adsurl = {https://ui.adsabs.harvard.edu/abs/2020ApJ...890..131A},
      adsnote = {Provided by the SAO/NASA Astrophysics Data System}
}

@ARTICLE{2019arXiv191208977K,
       author = {{Krone-Martins}, A. and {Graham}, M.~J. and {Stern}, D. and
         {Djorgovski}, S.~G. and {Delchambre}, L. and {Ducourant}, C. and
         {Teixeira}, R. and {Drake}, A.~J. and {Scarano}, S., Jr. and
         {Surdej}, J. and {Galluccio}, L. and {Jalan}, P. and {Wertz}, O. and
         {Kl{\"u}ter}, J. and {Mignard}, F. and {Spindola-Duarte}, C. and
         {Dobie}, D. and {Slezak}, E. and {Sluse}, D. and {Murphy}, T. and
         {Boehm}, C. and {Nierenberg}, A.~M. and {Bastian}, U. and
         {Wambsganss}, J. and {LeCampion}, J. -F.},
        title = "{Gaia GraL: Gaia DR2 Gravitational Lens Systems. V. Doubly-imaged QSOs discovered from entropy and wavelets}",
      journal = {arXiv e-prints},
     keywords = {Astrophysics - Astrophysics of Galaxies, Astrophysics - Instrumentation and Methods for Astrophysics, 94A17, H.3.1, H.3.3, I.5.3, I.5.4},
         year = 2019,
        month = dec,
          eid = {arXiv:1912.08977},
        pages = {arXiv:1912.08977},
archivePrefix = {arXiv},
       eprint = {1912.08977},
 primaryClass = {astro-ph.GA},
       adsurl = {https://ui.adsabs.harvard.edu/abs/2019arXiv191208977K},
      adsnote = {Provided by the SAO/NASA Astrophysics Data System}
}

@ARTICLE{2019ApJ...887L..13D,
       author = {{Dobie}, Dougal and {Stewart}, Adam and {Murphy}, Tara and {Lenc}, Emil and
         {Wang}, Ziteng and {Kaplan}, David L. and {Andreoni}, Igor and
         {Banfield}, Julie and {Brown}, Ian and {Corsi}, Alessandra and
         {De}, Kishalay and {Goldstein}, Daniel A. and {Hallinan}, Gregg and
         {Hotan}, Aidan and {Hotokezaka}, Kenta and {Jaodand}, Amruta D. and
         {Karambelkar}, Viraj and {Kasliwal}, Mansi M. and {McConnell}, David and
         {Mooley}, Kunal and {Moss}, Vanessa A. and {Newman}, Jeffrey A. and
         {Perley}, Daniel A. and {Prakash}, Abhishek and {Pritchard}, Joshua and
         {Sadler}, Elaine M. and {Sharma}, Yashvi and {Ward}, Charlotte and
         {Whiting}, Matthew and {Zhou}, Rongpu},
        title = "{An ASKAP Search for a Radio Counterpart to the First High-significance Neutron Star--Black Hole Merger LIGO/Virgo S190814bv}",
      journal = {\apjl},
     keywords = {Gravitational waves, Radio astronomy, Transient sources, Radio transient sources, Astrophysics - High Energy Astrophysical Phenomena},
         year = 2019,
        month = dec,
       volume = {887},
       number = {1},
          eid = {L13},
        pages = {L13},
          doi = {10.3847/2041-8213/ab59db},
archivePrefix = {arXiv},
       eprint = {1910.13647},
 primaryClass = {astro-ph.HE},
       adsurl = {https://ui.adsabs.harvard.edu/abs/2019ApJ...887L..13D},
      adsnote = {Provided by the SAO/NASA Astrophysics Data System}
}

@ARTICLE{2019ApJ...884...96K,
       author = {{Kaplan}, David L. and {Dai}, Shi and {Lenc}, Emil and {Zic}, Andrew and
         {Swiggum}, Joseph K. and {Murphy}, Tara and {Anderson}, Craig S. and
         {Cameron}, Andrew D. and {Dobie}, Dougal and {Hobbs}, George and
         {Kaczmarek}, Jane F. and {Lynch}, Christene and {Toomey}, Lawrence},
        title = "{Serendipitous Discovery of PSR J1431-6328 as a Highly Polarized Point Source with the Australian SKA Pathfinder}",
      journal = {\apj},
     keywords = {Millisecond pulsars, Radio interferometry, Polarimetry, Late-type dwarf stars, Astrophysics - High Energy Astrophysical Phenomena},
         year = 2019,
        month = oct,
       volume = {884},
       number = {1},
          eid = {96},
        pages = {96},
          doi = {10.3847/1538-4357/ab397f},
archivePrefix = {arXiv},
       eprint = {1908.03163},
 primaryClass = {astro-ph.HE},
       adsurl = {https://ui.adsabs.harvard.edu/abs/2019ApJ...884...96K},
      adsnote = {Provided by the SAO/NASA Astrophysics Data System}
}

@ARTICLE{2019ATel12981....1D,
       author = {{Dobie}, Dougal and {Kaplan}, David L. and {Stewart}, Adam and
         {Murphy}, Tara and {Lenc}, Emil and {McConnell}, David and
         {Hotan}, Aidan and {Banfield}, Julie and {Raja}, Wasim and
         {Whiting}, Matthew},
        title = "{ASKAP observations of blazars possibly associated with neutrino events IC190730A and IC190704A}",
      journal = {The Astronomer's Telegram},
     keywords = {Blazar},
         year = 2019,
        month = aug,
       volume = {12981},
        pages = {1},
       adsurl = {https://ui.adsabs.harvard.edu/abs/2019ATel12981....1D},
      adsnote = {Provided by the SAO/NASA Astrophysics Data System}
}

@ARTICLE{2019MNRAS.487.4832C,
       author = {{Chatys}, Filip W. and {Bedding}, Timothy R. and {Murphy}, Simon J. and
         {Kiss}, L{\'a}szl{\'o} L. and {Dobie}, Dougal and
         {Grindlay}, Jonathan E.},
        title = "{The period-luminosity relation of red supergiants with Gaia DR2}",
      journal = {\mnras},
     keywords = {stars: evolution, stars: late-type, supergiants, solar neighbourhood, Astrophysics - Solar and Stellar Astrophysics},
         year = 2019,
        month = aug,
       volume = {487},
       number = {4},
        pages = {4832-4846},
          doi = {10.1093/mnras/stz1584},
archivePrefix = {arXiv},
       eprint = {1906.03879},
 primaryClass = {astro-ph.SR},
       adsurl = {https://ui.adsabs.harvard.edu/abs/2019MNRAS.487.4832C},
      adsnote = {Provided by the SAO/NASA Astrophysics Data System}
}

@ARTICLE{2019PASA...36...19D,
       author = {{Dobie}, D. and {Murphy}, T. and {Kaplan}, D.~L. and {Ghosh}, S. and
         {Bannister}, K.~W. and {Hunstead}, R.~W.},
        title = "{An optimised gravitational wave follow-up strategy with the Australian Square Kilometre Array Pathfinder}",
      journal = {\pasa},
     keywords = {gravitational waves, instrumentation, interferometers, radio continuum, general, Astrophysics - Instrumentation and Methods for Astrophysics, Astrophysics - High Energy Astrophysical Phenomena},
         year = 2019,
        month = may,
       volume = {36},
          eid = {e019},
        pages = {e019},
          doi = {10.1017/pasa.2019.9},
archivePrefix = {arXiv},
       eprint = {1903.01481},
 primaryClass = {astro-ph.IM},
       adsurl = {https://ui.adsabs.harvard.edu/abs/2019PASA...36...19D},
      adsnote = {Provided by the SAO/NASA Astrophysics Data System}
}

@ARTICLE{2019arXiv190106260R,
       author = {{Rafat}, M.~Z. and {Dobie}, D.},
        title = "{Throwing $\pi$ at a wall}",
      journal = {arXiv e-prints},
     keywords = {Physics - Classical Physics},
         year = 2019,
        month = jan,
          eid = {arXiv:1901.06260},
        pages = {arXiv:1901.06260},
archivePrefix = {arXiv},
       eprint = {1901.06260},
 primaryClass = {physics.class-ph},
       adsurl = {https://ui.adsabs.harvard.edu/abs/2019arXiv190106260R},
      adsnote = {Provided by the SAO/NASA Astrophysics Data System}
}

@ARTICLE{2019ApJ...871...73H,
       author = {{Ho}, Anna Y.~Q. and {Phinney}, E. Sterl and {Ravi}, Vikram and
         {Kulkarni}, S.~R. and {Petitpas}, Glen and {Emonts}, Bjorn and
         {Bhalerao}, V. and {Blundell}, Ray and {Cenko}, S. Bradley and
         {Dobie}, Dougal and {Howie}, Ryan and {Kamraj}, Nikita and
         {Kasliwal}, Mansi M. and {Murphy}, Tara and {Perley}, Daniel A. and
         {Sridharan}, T.~K. and {Yoon}, Ilsang},
        title = "{AT2018cow: A Luminous Millimeter Transient}",
      journal = {\apj},
     keywords = {gamma-ray burst: general, radio continuum: general, submillimeter: general, supernovae: general, X-rays: general, Astrophysics - High Energy Astrophysical Phenomena},
         year = 2019,
        month = jan,
       volume = {871},
       number = {1},
          eid = {73},
        pages = {73},
          doi = {10.3847/1538-4357/aaf473},
archivePrefix = {arXiv},
       eprint = {1810.10880},
 primaryClass = {astro-ph.HE},
       adsurl = {https://ui.adsabs.harvard.edu/abs/2019ApJ...871...73H},
      adsnote = {Provided by the SAO/NASA Astrophysics Data System}
}

@ARTICLE{2018ApJ...868L..11M,
       author = {{Mooley}, K.~P. and {Frail}, D.~A. and {Dobie}, D. and {Lenc}, E. and
         {Corsi}, A. and {De}, K. and {Nayana}, A.~J. and {Makhathini}, S. and
         {Heywood}, I. and {Murphy}, T. and {Kaplan}, D.~L. and {Chandra}, P. and
         {Smirnov}, O. and {Nakar}, E. and {Hallinan}, G. and {Camilo}, F. and
         {Fender}, R. and {Goedhart}, S. and {Groot}, P. and {Kasliwal}, M.~M. and
         {Kulkarni}, S.~R. and {Woudt}, P.~A.},
        title = "{A Strong Jet Signature in the Late-time Light Curve of GW170817}",
      journal = {\apjl},
     keywords = {gravitational waves, radio continuum: stars, stars: neutron, Astrophysics - High Energy Astrophysical Phenomena, Astrophysics - Cosmology and Nongalactic Astrophysics, General Relativity and Quantum Cosmology},
         year = 2018,
        month = nov,
       volume = {868},
       number = {1},
          eid = {L11},
        pages = {L11},
          doi = {10.3847/2041-8213/aaeda7},
archivePrefix = {arXiv},
       eprint = {1810.12927},
 primaryClass = {astro-ph.HE},
       adsurl = {https://ui.adsabs.harvard.edu/abs/2018ApJ...868L..11M},
      adsnote = {Provided by the SAO/NASA Astrophysics Data System}
}

@ARTICLE{2018ATel11818....1D,
       author = {{Dobie}, Dougal and {Ravi}, Vikram and {Ho}, Anna and {Kasliwal}, Mansi and
         {Murphy}, Tara},
        title = "{AT2018cow: Further ATCA monitoring}",
      journal = {The Astronomer's Telegram},
     keywords = {Transient},
         year = 2018,
        month = jul,
       volume = {11818},
        pages = {1},
       adsurl = {https://ui.adsabs.harvard.edu/abs/2018ATel11818....1D},
      adsnote = {Provided by the SAO/NASA Astrophysics Data System}
}

@ARTICLE{2018ATel11862....1D,
       author = {{Dobie}, Dougal and {Ravi}, Vikram and {Ho}, Anna and {Kasliwal}, Mansi and
         {Murphy}, Tara},
        title = "{AT2018cow: Continued ATCA monitoring}",
      journal = {The Astronomer's Telegram},
     keywords = {Transient},
         year = 2018,
        month = jul,
       volume = {11862},
        pages = {1},
       adsurl = {https://ui.adsabs.harvard.edu/abs/2018ATel11862....1D},
      adsnote = {Provided by the SAO/NASA Astrophysics Data System}
}

@ARTICLE{2018ATel11795....1D,
       author = {{Dobie}, Dougal and {Ravi}, Vikram and {Ho}, Anna and {Kasliwal}, Mansi and
         {Murphy}, Tara},
        title = "{ATCA Observations of AT2018cow}",
      journal = {The Astronomer's Telegram},
     keywords = {Transient},
         year = 2018,
        month = jun,
       volume = {11795},
        pages = {1},
       adsurl = {https://ui.adsabs.harvard.edu/abs/2018ATel11795....1D},
      adsnote = {Provided by the SAO/NASA Astrophysics Data System}
}

@ARTICLE{2018ApJ...858L..15D,
       author = {{Dobie}, Dougal and {Kaplan}, David L. and {Murphy}, Tara and
         {Lenc}, Emil and {Mooley}, Kunal P. and {Lynch}, Christene and
         {Corsi}, Alessandra and {Frail}, Dale and {Kasliwal}, Mansi and
         {Hallinan}, Gregg},
        title = "{A Turnover in the Radio Light Curve of GW170817}",
      journal = {\apjl},
     keywords = {gravitational waves, radio continuum: stars, stars: neutron, Astrophysics - High Energy Astrophysical Phenomena},
         year = 2018,
        month = may,
       volume = {858},
       number = {2},
          eid = {L15},
        pages = {L15},
          doi = {10.3847/2041-8213/aac105},
archivePrefix = {arXiv},
       eprint = {1803.06853},
 primaryClass = {astro-ph.HE},
       adsurl = {https://ui.adsabs.harvard.edu/abs/2018ApJ...858L..15D},
      adsnote = {Provided by the SAO/NASA Astrophysics Data System}
}

@ARTICLE{2018Natur.554..207M,
       author = {{Mooley}, K.~P. and {Nakar}, E. and {Hotokezaka}, K. and {Hallinan}, G. and
         {Corsi}, A. and {Frail}, D.~A. and {Horesh}, A. and {Murphy}, T. and
         {Lenc}, E. and {Kaplan}, D.~L. and {de}, K. and {Dobie}, D. and {Chand
        ra}, P. and {Deller}, A. and {Gottlieb}, O. and {Kasliwal}, M.~M. and
         {Kulkarni}, S.~R. and {Myers}, S.~T. and {Nissanke}, S. and
         {Piran}, T. and {Lynch}, C. and {Bhalerao}, V. and {Bourke}, S. and
         {Bannister}, K.~W. and {Singer}, L.~P.},
        title = "{A mildly relativistic wide-angle outflow in the neutron-star merger event GW170817}",
      journal = {\nat},
     keywords = {Astrophysics - High Energy Astrophysical Phenomena, Astrophysics - Cosmology and Nongalactic Astrophysics, General Relativity and Quantum Cosmology},
         year = 2018,
        month = feb,
       volume = {554},
       number = {7691},
        pages = {207-210},
          doi = {10.1038/nature25452},
archivePrefix = {arXiv},
       eprint = {1711.11573},
 primaryClass = {astro-ph.HE},
       adsurl = {https://ui.adsabs.harvard.edu/abs/2018Natur.554..207M},
      adsnote = {Provided by the SAO/NASA Astrophysics Data System}
}

@ARTICLE{2018GCN.23139....1D,
       author = {{Dobie}, D. and {Mooley}, K. and {Murphy}, T. and {Kaplan}, D. and
         {Lenc}, E. and {Corsi}, A. and {Frail}, D.},
        title = "{LIGO/Virgo GW170817: A steep decline in the radio light curve and prediction for the X-rays.}",
      journal = {GRB Coordinates Network},
         year = 2018,
        month = jan,
       volume = {23139},
        pages = {1},
       adsurl = {https://ui.adsabs.harvard.edu/abs/2018GCN.23139....1D},
      adsnote = {Provided by the SAO/NASA Astrophysics Data System}
}

@ARTICLE{2017PASA...34...69A,
       author = {{Andreoni}, I. and {Ackley}, K. and {Cooke}, J. and {Acharyya}, A. and
         {Allison}, J.~R. and {Anderson}, G.~E. and {Ashley}, M.~C.~B. and
         {Baade}, D. and {Bailes}, M. and {Bannister}, K. and {Beardsley}, A. and
         {Bessell}, M.~S. and {Bian}, F. and {Bland}, P.~A. and {Boer}, M. and
         {Booler}, T. and {Brandeker}, A. and {Brown}, I.~S. and
         {Buckley}, D.~A.~H. and {Chang}, S. -W. and {Coward}, D.~M. and
         {Crawford}, S. and {Crisp}, H. and {Crosse}, B. and {Cucchiara}, A. and
         {Cup{\'a}k}, M. and {de Gois}, J.~S. and {Deller}, A. and
         {Devillepoix}, H.~A.~R. and {Dobie}, D. and {Elmer}, E. and
         {Emrich}, D. and {Farah}, W. and {Farrell}, T.~J. and {Franzen}, T. and
         {Gaensler}, B.~M. and {Galloway}, D.~K. and {Gendre}, B. and
         {Giblin}, T. and {Goobar}, A. and {Green}, J. and {Hancock}, P.~J. and
         {Hartig}, B.~A.~D. and {Howell}, E.~J. and {Horsley}, L. and
         {Hotan}, A. and {Howie}, R.~M. and {Hu}, L. and {Hu}, Y. and
         {James}, C.~W. and {Johnston}, S. and {Johnston-Hollitt}, M. and
         {Kaplan}, D.~L. and {Kasliwal}, M. and {Keane}, E.~F. and {Kenney}, D. and
         {Klotz}, A. and {Lau}, R. and {Laugier}, R. and {Lenc}, E. and
         {Li}, X. and {Liang}, E. and {Lidman}, C. and {Luvaul}, L.~C. and
         {Lynch}, C. and {Ma}, B. and {Macpherson}, D. and {Mao}, J. and
         {McClelland}, D.~E. and {McCully}, C. and {M{\"o}ller}, A. and
         {Morales}, M.~F. and {Morris}, D. and {Murphy}, T. and {Noysena}, K. and
         {Onken}, C.~A. and {Orange}, N.~B. and {Os{\l}owski}, S. and
         {Pallot}, D. and {Paxman}, J. and {Potter}, S.~B. and {Pritchard}, T. and
         {Raja}, W. and {Ridden-Harper}, R. and {Romero-Colmenero}, E. and
         {Sadler}, E.~M. and {Sansom}, E.~K. and {Scalzo}, R.~A. and
         {Schmidt}, B.~P. and {Scott}, S.~M. and {Seghouani}, N. and
         {Shang}, Z. and {Shannon}, R.~M. and {Shao}, L. and {Shara}, M.~M. and
         {Sharp}, R. and {Sokolowski}, M. and {Sollerman}, J. and {Staff}, J. and
         {Steele}, K. and {Sun}, T. and {Suntzeff}, N.~B. and {Tao}, C. and
         {Tingay}, S. and {Towner}, M.~C. and {Thierry}, P. and {Trott}, C. and
         {Tucker}, B.~E. and {V{\"a}is{\"a}nen}, P. and
         {Krishnan}, V. Venkatraman and {Walker}, M. and {Wang}, L. and
         {Wang}, X. and {Wayth}, R. and {Whiting}, M. and {Williams}, A. and
         {Williams}, T. and {Wolf}, C. and {Wu}, C. and {Wu}, X. and {Yang}, J. and
         {Yuan}, X. and {Zhang}, H. and {Zhou}, J. and {Zovaro}, H.},
        title = "{Follow Up of GW170817 and Its Electromagnetic Counterpart by Australian-Led Observing Programmes}",
      journal = {\pasa},
     keywords = {gamma-ray burst: individual: GRB170817A, gravitational waves, stars: neutron, supernovae: general, supernovae: individual: AT2017gfo, Astrophysics - High Energy Astrophysical Phenomena, Astrophysics - Solar and Stellar Astrophysics},
         year = 2017,
        month = dec,
       volume = {34},
          eid = {e069},
        pages = {e069},
          doi = {10.1017/pasa.2017.65},
archivePrefix = {arXiv},
       eprint = {1710.05846},
 primaryClass = {astro-ph.HE},
       adsurl = {https://ui.adsabs.harvard.edu/abs/2017PASA...34...69A},
      adsnote = {Provided by the SAO/NASA Astrophysics Data System}
}

@ARTICLE{2017Sci...358.1579H,
       author = {{Hallinan}, G. and {Corsi}, A. and {Mooley}, K.~P. and {Hotokezaka}, K. and
         {Nakar}, E. and {Kasliwal}, M.~M. and {Kaplan}, D.~L. and
         {Frail}, D.~A. and {Myers}, S.~T. and {Murphy}, T. and {De}, K. and
         {Dobie}, D. and {Allison}, J.~R. and {Bannister}, K.~W. and
         {Bhalerao}, V. and {Chandra}, P. and {Clarke}, T.~E. and
         {Giacintucci}, S. and {Ho}, A.~Y.~Q. and {Horesh}, A. and
         {Kassim}, N.~E. and {Kulkarni}, S.~R. and {Lenc}, E. and
         {Lockman}, F.~J. and {Lynch}, C. and {Nichols}, D. and {Nissanke}, S. and
         {Palliyaguru}, N. and {Peters}, W.~M. and {Piran}, T. and {Rana}, J. and
         {Sadler}, E.~M. and {Singer}, L.~P.},
        title = "{A radio counterpart to a neutron star merger}",
      journal = {Science},
     keywords = {ASTRONOMY, Astrophysics - High Energy Astrophysical Phenomena, General Relativity and Quantum Cosmology},
         year = 2017,
        month = dec,
       volume = {358},
       number = {6370},
        pages = {1579-1583},
          doi = {10.1126/science.aap9855},
archivePrefix = {arXiv},
       eprint = {1710.05435},
 primaryClass = {astro-ph.HE},
       adsurl = {https://ui.adsabs.harvard.edu/abs/2017Sci...358.1579H},
      adsnote = {Provided by the SAO/NASA Astrophysics Data System}
}

@ARTICLE{2017Sci...358.1559K,
       author = {{Kasliwal}, M.~M. and {Nakar}, E. and {Singer}, L.~P. and
         {Kaplan}, D.~L. and {Cook}, D.~O. and {Van Sistine}, A. and
         {Lau}, R.~M. and {Fremling}, C. and {Gottlieb}, O. and
         {Jencson}, J.~E. and {Adams}, S.~M. and {Feindt}, U. and
         {Hotokezaka}, K. and {Ghosh}, S. and {Perley}, D.~A. and {Yu}, P. -C. and
         {Piran}, T. and {Allison}, J.~R. and {Anupama}, G.~C. and
         {Balasubramanian}, A. and {Bannister}, K.~W. and {Bally}, J. and
         {Barnes}, J. and {Barway}, S. and {Bellm}, E. and {Bhalerao}, V. and
         {Bhattacharya}, D. and {Blagorodnova}, N. and {Bloom}, J.~S. and
         {Brady}, P.~R. and {Cannella}, C. and {Chatterjee}, D. and
         {Cenko}, S.~B. and {Cobb}, B.~E. and {Copperwheat}, C. and {Corsi}, A. and
         {De}, K. and {Dobie}, D. and {Emery}, S.~W.~K. and {Evans}, P.~A. and
         {Fox}, O.~D. and {Frail}, D.~A. and {Frohmaier}, C. and {Goobar}, A. and
         {Hallinan}, G. and {Harrison}, F. and {Helou}, G. and {Hinderer}, T. and
         {Ho}, A.~Y.~Q. and {Horesh}, A. and {Ip}, W. -H. and {Itoh}, R. and
         {Kasen}, D. and {Kim}, H. and {Kuin}, N.~P.~M. and {Kupfer}, T. and
         {Lynch}, C. and {Madsen}, K. and {Mazzali}, P.~A. and {Miller}, A.~A. and
         {Mooley}, K. and {Murphy}, T. and {Ngeow}, C. -C. and {Nichols}, D. and
         {Nissanke}, S. and {Nugent}, P. and {Ofek}, E.~O. and {Qi}, H. and
         {Quimby}, R.~M. and {Rosswog}, S. and {Rusu}, F. and {Sadler}, E.~M. and
         {Schmidt}, P. and {Sollerman}, J. and {Steele}, I. and
         {Williamson}, A.~R. and {Xu}, Y. and {Yan}, L. and {Yatsu}, Y. and
         {Zhang}, C. and {Zhao}, W.},
        title = "{Illuminating gravitational waves: A concordant picture of photons from a neutron star merger}",
      journal = {Science},
     keywords = {ASTRONOMY, PHYSICS, Astrophysics - High Energy Astrophysical Phenomena, Astrophysics - Astrophysics of Galaxies, Astrophysics - Solar and Stellar Astrophysics, General Relativity and Quantum Cosmology},
         year = 2017,
        month = dec,
       volume = {358},
       number = {6370},
        pages = {1559-1565},
          doi = {10.1126/science.aap9455},
archivePrefix = {arXiv},
       eprint = {1710.05436},
 primaryClass = {astro-ph.HE},
       adsurl = {https://ui.adsabs.harvard.edu/abs/2017Sci...358.1559K},
      adsnote = {Provided by the SAO/NASA Astrophysics Data System}
}

@ARTICLE{2017PASA...34...20M,
       author = {{Murphy}, Tara and {Kaplan}, David L. and {Bell}, Martin E. and
         {Callingham}, J.~R. and {Croft}, Steve and {Johnston}, Simon and
         {Dobie}, Dougal and {Zic}, Andrew and {Hughes}, Jake and
         {Lynch}, Christene and {Hancock}, Paul and {Hurley-Walker}, Natasha and
         {Lenc}, Emil and {Dwarakanath}, K.~S. and {For}, B. -Q. and
         {Gaensler}, B.~M. and {Hindson}, L. and {Johnston-Hollitt}, M. and
         {Kapi{\'n}ska}, A.~D. and {McKinley}, B. and {Morgan}, J. and
         {Offringa}, A.~R. and {Procopio}, P. and {Staveley-Smith}, L. and
         {Wayth}, R. and {Wu}, C. and {Zheng}, Q.},
        title = "{Low-Frequency Spectral Energy Distributions of Radio Pulsars Detected with the Murchison Widefield Array}",
      journal = {\pasa},
     keywords = {radio continuum: stars, (stars:) pulsars: general, Astrophysics - High Energy Astrophysical Phenomena, Astrophysics - Astrophysics of Galaxies},
         year = 2017,
        month = apr,
       volume = {34},
          eid = {e020},
        pages = {e020},
          doi = {10.1017/pasa.2017.13},
archivePrefix = {arXiv},
       eprint = {1704.00027},
 primaryClass = {astro-ph.HE},
       adsurl = {https://ui.adsabs.harvard.edu/abs/2017PASA...34...20M},
      adsnote = {Provided by the SAO/NASA Astrophysics Data System}
}

@ARTICLE{2016MNRAS.461..908B,
       author = {{Bell}, M.~E. and {Murphy}, Tara and {Johnston}, S. and {Kaplan}, D.~L. and
         {Croft}, S. and {Hancock}, P. and {Callingham}, J.~R. and {Zic}, A. and
         {Dobie}, D. and {Swiggum}, J.~K. and {Rowlinson}, A. and
         {Hurley-Walker}, N. and {Offringa}, A.~R. and {Bernardi}, G. and
         {Bowman}, J.~D. and {Briggs}, F. and {Cappallo}, R.~J. and {Deshpand
        e}, A.~A. and {Gaensler}, B.~M. and {Greenhill}, L.~J. and
         {Hazelton}, B.~J. and {Johnston-Hollitt}, M. and {Lonsdale}, C.~J. and
         {McWhirter}, S.~R. and {Mitchell}, D.~A. and {Morales}, M.~F. and
         {Morgan}, E. and {Oberoi}, D. and {Ord}, S.~M. and {Prabu}, T. and
         {Shankar}, N. Udaya and {Srivani}, K.~S. and {Subrahmanyan}, R. and
         {Tingay}, S.~J. and {Wayth}, R.~B. and {Webster}, R.~L. and
         {Williams}, A. and {Williams}, C.~L.},
        title = "{Time-domain and spectral properties of pulsars at 154 MHz}",
      journal = {\mnras},
     keywords = {pulsars: general, radio continuum: stars, Astrophysics - High Energy Astrophysical Phenomena},
         year = 2016,
        month = sep,
       volume = {461},
       number = {1},
        pages = {908-921},
          doi = {10.1093/mnras/stw1293},
archivePrefix = {arXiv},
       eprint = {1605.09100},
 primaryClass = {astro-ph.HE},
       adsurl = {https://ui.adsabs.harvard.edu/abs/2016MNRAS.461..908B},
      adsnote = {Provided by the SAO/NASA Astrophysics Data System}
}

@ARTICLE{ATel11795,
  author = {{Dobie}, D. and others},
    title = "{ATCA Observations of AT2018cow}",
  journal = {The Astronomer's Telegram},
     year = {2018},
    month = {jun},
  volume = {11795},
  adsurl = {http://www.astronomerstelegram.org/?read=11795}
}

@ARTICLE{ATel11818,
  author = {{Dobie}, D. and others},
    title = "{AT2018cow: Further ATCA monitoring}",
  journal = {The Astronomer's Telegram},
     year = 2018,
    month = jul,
  volume = 11818,
  adsurl = {http://www.astronomerstelegram.org/?read=11818}
}

@ARTICLE{ATel11862,
  author = {{Dobie}, D. and others},
    title = "{AT2018cow: Continued ATCA monitoring}",
  journal = {The Astronomer's Telegram},
     year = 2018,
    month = jul,
  volume = 11862,
  adsurl = {http://www.astronomerstelegram.org/?read=11862}
}

@ARTICLE{ATel12981,
  author = {{Dobie}, D. and others},
    title = "{ASKAP observations of blazars possibly associated with neutrino events IC190730A and IC190704A}",
  journal = {The Astronomer's Telegram},
     year = 2019,
    month = aug,
  volume = 12981,
  adsurl = {http://www.astronomerstelegram.org/?read=12981}
}

@ARTICLE{ATel13403,
  author = {{Dobie}, D. and others},
    title = "{ATCA observations of SN2020oi}",
  journal = {The Astronomer's Telegram},
     year = 2020,
    month = jan,
  volume = 13403,
  adsurl = {http://www.astronomerstelegram.org/?read=13403}
}